<record><leader>00000cas a2200000 a 4500</leader><controlfield tag="001">55663357</controlfield><controlfield tag="008">040616d19061917oruwr ne      0    0eng c</controlfield><datafield ind1=" " ind2=" " tag="010"><subfield code="a">  2004260322</subfield></datafield><datafield ind1=" " ind2=" " tag="040"><subfield code="a">ORU</subfield><subfield code="b">eng</subfield><subfield code="c">ORU</subfield><subfield code="d">OCLCQ</subfield><subfield code="d">OCLCF</subfield><subfield code="d">OCLCO</subfield></datafield><datafield ind1="1" ind2=" " tag="029"><subfield code="a">AU@</subfield><subfield code="b">000025901689</subfield></datafield><datafield ind1=" " ind2=" " tag="042"><subfield code="a">pcc</subfield></datafield><datafield ind1=" " ind2=" " tag="043"><subfield code="a">n-us-or</subfield></datafield><datafield ind1="0" ind2=" " tag="130"><subfield code="a">Sellwood bee (Portland, Or. : 1906)</subfield></datafield><datafield ind1="1" ind2="4" tag="245"><subfield code="a">The Sellwood bee.</subfield></datafield><datafield ind1="3" ind2=" " tag="246"><subfield code="a">Bee</subfield></datafield><datafield ind1=" " ind2=" " tag="260"><subfield code="a">[Portland] Sellwood, Or. :</subfield><subfield code="b">[C. Ballard],</subfield><subfield code="c">1906-1917.</subfield></datafield><datafield ind1=" " ind2=" " tag="300"><subfield code="a">11 v.</subfield></datafield><datafield ind1=" " ind2=" " tag="310"><subfield code="a">Weekly</subfield></datafield><datafield ind1="0" ind2=" " tag="362"><subfield code="a">Vol. 1, no. 1 (Oct. 6, 1906)-v. 11, no. 47 (Aug. 17, 1917).</subfield></datafield><datafield ind1=" " ind2=" " tag="500"><subfield code="a">The word "Sellwood" appears over the masthead ornament.</subfield></datafield><datafield ind1=" " ind2=" " tag="500"><subfield code="a">Publisher varies.</subfield></datafield><datafield ind1=" " ind2=" " tag="530"><subfield code="a">Available on microfilm from University of Oregon.</subfield></datafield><datafield ind1=" " ind2="0" tag="651"><subfield code="a">Portland (Or.)</subfield><subfield code="v">Newspapers.</subfield></datafield><datafield ind1=" " ind2="7" tag="655"><subfield code="a">Newspapers.</subfield><subfield code="2">fast</subfield><subfield code="0">(OCoLC)fst01423814</subfield></datafield><datafield ind1=" " ind2="7" tag="651"><subfield code="a">Oregon</subfield><subfield code="z">Portland.</subfield><subfield code="2">fast</subfield><subfield code="0">(OCoLC)fst01204325</subfield></datafield><datafield ind1=" " ind2=" " tag="752"><subfield code="a">United States</subfield><subfield code="b">Oregon</subfield><subfield code="c">Multnomah</subfield><subfield code="d">Portland.</subfield></datafield><datafield ind1="0" ind2="0" tag="785"><subfield code="t">Bee (Portland, Or. : 1917)</subfield><subfield code="w">(DLC)  2004260323</subfield><subfield code="w">(OCoLC)55663350</subfield></datafield></record>